t_date,t_amount,t_desc,t_balance
29/06/2018,"+90.00","Transfer from  NetBank Loan to business","+188.06"
28/06/2018,"-143.23","Direct Debit 466856 GIO COMMERCIAL I GPM004106253","+98.06"
25/06/2018,"-231.68","Direct Debit 279234 PAYPAL AUSTRALIA 1003331492233","+241.29"
25/06/2018,"-129.00","Direct Debit 279234 PAYPAL AUSTRALIA 1003332540078","+472.97"
25/06/2018,"-39.99","Direct Debit 279234 PAYPAL AUSTRALIA 1003332047563","+601.97"
23/06/2018,"+200.00","Transfer from  CommBank app Loan to business","+641.96"
22/06/2018,"-72.59","ADOBE  CREATIVE CLOUD 044-207-3650  IE Card xx7792 AUD 72.59 Value Date: 19/06/2018","+441.96"
21/06/2018,"-1430.00","Transfer to other Bank NetBank Rent and Rates","+514.55"
21/06/2018,"+700.00","Transfer from  NetBank Loan to business","+1944.55"
21/06/2018,"-25.95","AIRPORT PHARMACY MELBOURNE  AU Card xx7792 Value Date: 18/06/2018","+1244.55"
21/06/2018,"-11.81","WH SMITH AUSTRALIA TULLAMARINE  AU Card xx7792 Value Date: 18/06/2018","+1270.50"
21/06/2018,"-18.95","AIRPORT PHARMACY ADELAIDE AIRP  AU Card xx7792 Value Date: 18/06/2018","+1282.31"
21/06/2018,"-0.81","International Transaction Fee Value Date: 18/06/2018","+1301.26"
21/06/2018,"-26.98","Inflight Internet Service Cointrin  CH Card xx7792 USD 20.00 Value Date: 18/06/2018","+1302.07"
20/06/2018,"+500.00","Direct Credit 141000 Lion Pumping","+1329.05"
20/06/2018,"-33.75","Direct Debit 062246 CommInsure 8260620--124084811","+829.05"
20/06/2018,"-110.67","AGA ASSISTANCE BRISBANE  AU Card xx7792 Value Date: 16/06/2018","+862.80"
20/06/2018,"-53.00","OFFICEWORKS 0315 BUNDOORA  AU Card xx7792 Value Date: 18/06/2018","+973.47"
20/06/2018,"-12.50","DELAWARE NORTH RETAI ADELAIDE AIRP  AU Card xx7792 Value Date: 18/06/2018","+1026.47"
20/06/2018,"-12.50","DELAWARE NORTH RETAI ADELAIDE AIRP  AU Card xx7792 Value Date: 18/06/2018","+1038.97"
20/06/2018,"-9.50","DELAWARE NORTH RETAI MELBOURNE AIR  AU Card xx7792 Value Date: 18/06/2018","+1051.47"
19/06/2018,"-30.00","CARRY ON - ADELAIDE ADELAIDE AIRP  AU Card xx7792 Value Date: 18/06/2018","+1060.97"
19/06/2018,"-10.00","BUNNINGS 689000 MILL PARK  AU Card xx7792 Value Date: 18/06/2018","+1090.97"
18/06/2018,"-49.96","Direct Debit 279234 PAYPAL AUSTRALIA 1003295206814","+1100.97"
16/06/2018,"+710.00","POS  43424400 16 JUN","+1150.93"
15/06/2018,"+380.00","POS  43424400 15 JUN","+440.93"
14/06/2018,"-39.62","Direct Debit 279234 PAYPAL AUSTRALIA 1003276747521","+60.93"
14/06/2018,"-40.62","VODAFONE NORTH SYDNEY  AU Card xx7792 Value Date: 11/06/2018","+100.55"
13/06/2018,"+40.00","POS  43424400 13 JUN","+141.17"
13/06/2018,"-137.35","Direct Debit 122794 IINET TECHNOLOGI 181620525ccca1b","+101.17"
12/06/2018,"+80.00","POS  43424400 12 JUN","+238.52"
12/06/2018,"-62.32","Direct Debit 068616 HOLLARD INSURANC HOLLAR2193859373","+158.52"
12/06/2018,"-400.00","Transfer to xx5005 NetBank Wages","+220.84"
09/06/2018,"+480.00","POS  43424400 09 JUN","+620.84"
09/06/2018,"-250.00","GEM VISA CARD        NetBank BPAY 154799 6010732002049206","+140.84"
08/06/2018,"+350.00","POS  43424400 08 JUN","+390.84"
08/06/2018,"-69.19","BP BUNDOORA 7352 BUNDOORA  AU Card xx7792 Value Date: 05/06/2018","+40.84"
08/06/2018,"-8.00","AUSTIN HEALTH HEIDELBERG  AU Card xx7792 Value Date: 05/06/2018","+110.03"
07/06/2018,"-100.00","Transfer to xx5005 CommBank app Value Date: 08/06/2018","+118.03"
07/06/2018,"+120.00","POS  43424400 07 JUN","+218.03"
07/06/2018,"-3.97","International Transaction Fee Value Date: 04/06/2018","+98.03"
07/06/2018,"-132.34","SEMRUSH.COM HTTPSWWW.SEMR PA US Card xx7792 USD 99.95 Value Date: 04/06/2018","+102.00"
05/06/2018,"-114.00","TELSTRA BILL PAYMNT MELBOURNE  AU Card xx7792 Value Date: 01/06/2018","+234.34"
05/06/2018,"-8.78","BANYULE CITY COUNCIL IVANHOE  AU Card xx7792 Value Date: 03/06/2018","+348.34"
05/06/2018,"-89.68","HOLLARD INSURANCE CHATSWOOD  AU Card xx7776 Value Date: 01/06/2018","+357.12"
04/06/2018,"+100.00","POS  43424400 04 JUN","+446.80"
02/06/2018,"+160.00","POS  43424400 02 JUN","+346.80"
02/06/2018,"-90.00","CBA MERCHANT FEE 5353109391629396 Value Date: 31/05/2018","+186.80"
02/06/2018,"-650.00","VOLKSWAGEN FINANCIAL NetBank BPAY 44255 2733376","+276.80"
01/06/2018,"+250.00","POS  43424400 01 JUN","+926.80"
01/06/2018,"-0.02","Debit Excess Interest","+676.80"
01/06/2018,"-0.04","Debit Excess Int Adjusted Value Date: 01/05/2018","+676.82"
01/06/2018,"-13.00","MANIACS/VALIDEX.ORG 20 ALMERE  NL Card xx7792 AUD 13.00 Value Date: 29/05/2018","+676.86"
01/06/2018,"-125.00","WU 1814985174856372 180-017-3833  AU Card xx7792 Value Date: 29/05/2018","+689.86"
31/05/2018,"+210.00","POS  43424400 31 MAY","+814.86"
31/05/2018,"-119.46","OPTUS BILLING SMARTPAY MACQUARIE PAR  AU Card xx7792 Value Date: 29/05/2018","+604.86"
30/05/2018,"+140.00","POS  43424400 30 MAY","+724.32"
30/05/2018,"-436.91","Transfer to other Bank NetBank Rent and Rates","+584.32"
29/05/2018,"+80.00","POS  43424400 29 MAY","+1021.23"
29/05/2018,"+700.00","Direct Credit 141000 Corvette Clinic 010518c","+941.23"
29/05/2018,"-143.23","Direct Debit 466856 GIO COMMERCIAL I GPM004106253","+241.23"
29/05/2018,"-930.00","Transfer to other Bank NetBank Rent and Rates","+384.46"
29/05/2018,"-49.00","JB HI FI THOMASTOWN  AU Card xx7792 Value Date: 24/05/2018","+1314.46"
28/05/2018,"+1080.00","POS  43424400 28 MAY","+1363.46"
28/05/2018,"-2.99","Direct Debit 279234 PAYPAL AUSTRALIA 1003159499583","+283.46"
27/05/2018,"-20.00","Transfer to xx5005 NetBank","+286.45"
27/05/2018,"-10.00","Transfer to xx5005 NetBank","+306.45"
26/05/2018,"+4.00","POS  43424400 26 MAY","+316.45"
25/05/2018,"+260.00","POS  43424400 25 MAY","+312.45"
25/05/2018,"-450.00","Transfer to xx5005 NetBank","+52.45"
24/05/2018,"+490.00","POS  43424400 24 MAY","+502.45"
24/05/2018,"-34.44","Direct Debit 279234 PAYPAL AUSTRALIA 5N5J2AGU6XVXG","+12.45"
24/05/2018,"-26.94","Direct Debit 279234 PAYPAL AUSTRALIA 1003151386948","+46.89"
24/05/2018,"-31.38","GERVASI IGA THOM THOMASTOWN  AU Card xx7792 Value Date: 22/05/2018","+73.83"
23/05/2018,"+50.00","POS  43424400 23 MAY","+105.21"
23/05/2018,"-39.99","Direct Debit 279234 PAYPAL AUSTRALIA 1003145670212","+55.21"
23/05/2018,"-500.00","Transfer to other Bank NetBank Rent and Rates","+95.20"
23/05/2018,"-70.00","AA HIGH ST TT 3240 THOMASTOWN  AU Card xx7792 Value Date: 18/05/2018","+595.20"
22/05/2018,"+120.00","POS  43424400 22 MAY","+665.20"
22/05/2018,"-6.95","Direct Debit 279234 PAYPAL AUSTRALIA 1003139740302","+545.20"
22/05/2018,"-250.00","Transfer to xx5005 CommBank app","+552.15"
22/05/2018,"-84.20","WU *4074064996 SYDNEY  AU Card xx7792 Value Date: 17/05/2018","+802.15"
22/05/2018,"-72.59","ADOBE  CREATIVE CLOUD 044-207-3650  IE Card xx7792 AUD 72.59 Value Date: 19/05/2018","+886.35"
21/05/2018,"+20.00","POS  43424400 21 MAY","+958.94"
21/05/2018,"+500.00","Direct Credit 141000 Lion Pumping","+938.94"
21/05/2018,"-33.00","Direct Debit 279234 PAYPAL AUSTRALIA 1003118323065","+438.94"
21/05/2018,"-49.99","Direct Debit 279234 PAYPAL AUSTRALIA 1003122719785","+471.94"
19/05/2018,"+280.00","POS  43424400 19 MAY","+521.93"
19/05/2018,"-600.00","VOLKSWAGEN FINANCIAL NetBank BPAY 44255 2733376","+241.93"
19/05/2018,"-8.60","WOOLWORTHS 3140 LALOR LALOR  AU Card xx7792 Value Date: 18/05/2018","+841.93"
18/05/2018,"+300.00","POS  43424400 18 MAY","+850.53"
18/05/2018,"-33.75","Direct Debit 062246 CommInsure 8260620--123199538","+550.53"
18/05/2018,"-156.00","OFFICEWORKS 0340         EPPING       AU","+584.28"
17/05/2018,"+185.00","POS  43424400 17 MAY","+740.28"
17/05/2018,"-115.00","JAX TYRES           EPPING            AU","+555.28"
17/05/2018,"-31.01","VODAFONE NORTH SYDNEY  AU Card xx7792 Value Date: 14/05/2018","+670.28"
17/05/2018,"-24.24","MELBOURNE AIRPORT TULLAMARINE  AU Card xx7792 Value Date: 14/05/2018","+701.29"
17/05/2018,"-5.45","COLES 0585 BUNDOORA  AU Card xx7792 Value Date: 15/05/2018","+725.53"
17/05/2018,"-197.34","SITEGROUND HOSTING 448008620379  GB Card xx7792 AUD 197.34 Value Date: 14/05/2018","+730.98"
16/05/2018,"+120.00","POS  43424400 16 MAY","+928.32"
16/05/2018,"-250.00","GEM VISA CARD        NetBank BPAY 154799 6010732002049206","+808.32"
15/05/2018,"-39.96","Direct Debit 279234 PAYPAL AUSTRALIA 1003093992685","+1058.32"
15/05/2018,"+800.00","Direct Credit 106600 SELVIJE  DAY Selvije Day","+1098.28"
15/05/2018,"-201.50","COLES 7786               LALOR        AU","+298.28"
15/05/2018,"+200.00","Transfer from  CommBank app","+499.78"
15/05/2018,"-300.00","Wdl ATM CBA ATM  THOMASTOWN B   VIC 317502   AUS","+299.78"
15/05/2018,"-23.27","GERVASI IGA THOM THOMASTOWN  AU Card xx7792 Value Date: 11/05/2018","+599.78"
15/05/2018,"-12.00","WILSON PARKING MEL210 MELBOURNE  AU Card xx7792 Value Date: 10/05/2018","+623.05"
15/05/2018,"-70.01","COLES 7812 RESERVOIR  AU Card xx7792 Value Date: 10/05/2018","+635.05"
15/05/2018,"-78.85","DAN MURPHYS LIQ W3432 EPPING  AU Card xx7792 Value Date: 12/05/2018","+705.06"
15/05/2018,"-62.00","PJ OBRIENS TULLAMARINE  AU Card xx7792 Value Date: 13/05/2018","+783.91"
14/05/2018,"+290.00","POS  43424400 14 MAY","+845.91"
14/05/2018,"-62.32","Direct Debit 068616 HOLLARD INSURANC HOLLAR2173983997","+555.91"
14/05/2018,"-139.00","Direct Debit 122794 IINET TECHNOLOGI 181310517c5dcf3","+618.23"
12/05/2018,"+40.00","POS  43424400 12 MAY","+757.23"
12/05/2018,"-158.60","DALMATINO PTY LTD PORT MELBOURN  AU Card xx7776 Value Date: 09/05/2018","+717.23"
11/05/2018,"-89.68","HOLLARD INSURANCE CHATSWOOD  AU Card xx7776 Value Date: 08/05/2018","+875.83"
10/05/2018,"+120.00","POS  43424400 10 MAY","+965.51"
10/05/2018,"-78.00","OFFICEWORKS 0340 EPPING  AU Card xx7792 Value Date: 08/05/2018","+845.51"
10/05/2018,"-8.50","COLES 0585 BUNDOORA  AU Card xx7792 Value Date: 08/05/2018","+923.51"
10/05/2018,"-17.00","KFC EPPING EPPING  AU Card xx7792 Value Date: 08/05/2018","+932.01"
09/05/2018,"+430.00","POS  43424400 09 MAY","+949.01"
09/05/2018,"-93.75","Transfer to other Bank NetBank Watchforce","+519.01"
09/05/2018,"-104.45","OPTUS BILLING SMARTPAY MACQUARIE PAR  AU Card xx7792 Value Date: 07/05/2018","+612.76"
09/05/2018,"-99.33","TELSTRA BILL PAYMNT MELBOURNE  AU Card xx7792 Value Date: 07/05/2018","+717.21"
09/05/2018,"-30.00","AA HIGH ST TT 3240 THOMASTOWN  AU Card xx7792 Value Date: 05/05/2018","+816.54"
09/05/2018,"-4.00","International Transaction Fee Value Date: 05/05/2018","+846.54"
09/05/2018,"-133.45","https://www.semrush.co Limassol  CY Card xx7792 USD 99.95 Value Date: 05/05/2018","+850.54"
08/05/2018,"+370.00","POS  43424400 08 MAY","+983.99"
08/05/2018,"-20.30","TRYBOOKING ARCHBISHOPS ONLINE PURCHA  AU Card xx7792 Value Date: 03/05/2018","+613.99"
08/05/2018,"-78.00","OFFICEWORKS 0340 EPPING  AU Card xx7792 Value Date: 04/05/2018","+634.29"
08/05/2018,"-40.00","OZTELL SYDNEY  AU Card xx7792 Value Date: 03/05/2018","+712.29"
08/05/2018,"-11.00","COLES 0654 EPPING  AU Card xx7792 Value Date: 06/05/2018","+752.29"
08/05/2018,"-69.00","BUNNINGS 492000 EPPING  AU Card xx7792 Value Date: 06/05/2018","+763.29"
07/05/2018,"+70.00","POS  43424400 07 MAY","+832.29"
05/05/2018,"+360.00","POS  43424400 05 MAY","+762.29"
05/05/2018,"-128.00","OFFICEWORKS 0315         BUNDOORA     AU","+402.29"
05/05/2018,"-22.50","WOOLWORTHS 3171 MILL P MILL PARK  AU Card xx7792 Value Date: 03/05/2018","+530.29"
04/05/2018,"+330.00","POS  43424400 04 MAY","+552.79"
03/05/2018,"+100.00","POS  43424400 03 MAY","+222.79"
03/05/2018,"-14.99","Direct Debit 279234 PAYPAL AUSTRALIA 1003022756489","+122.79"
02/05/2018,"+170.00","POS  43424400 02 MAY","+137.78"
02/05/2018,"-90.00","CBA MERCHANT FEE 5353109391629396 Value Date: 30/04/2018","-32.22"
01/05/2018,"+50.00","POS  43424400 01 MAY","+57.78"
30/04/2018,"-143.23","Direct Debit 466856 GIO COMMERCIAL I GPM004106253","+7.78"
28/04/2018,"+120.00","POS  43424400 28 APR","+151.01"
27/04/2018,"-1.19","International Transaction Fee Value Date: 23/04/2018","+31.01"
27/04/2018,"-39.58","1&1 MAIL MEDIA INC, (MAI 855-2692217 PA US Card xx7792 USD 29.99 Value Date: 23/04/2018","+32.20"
27/04/2018,"-147.92","BUNNINGS 492000 EPPING  AU Card xx7792 Value Date: 25/04/2018","+71.78"
26/04/2018,"+10.00","POS  43424400 26 APR","+219.70"
26/04/2018,"-609.70","Transfer to other Bank NetBank Rent and Rates","+209.70"
26/04/2018,"+150.00","Cash Dep Branch Thomastown","+819.40"
25/04/2018,"+50.00","POS  43424400 25 APR","+669.40"
25/04/2018,"-65.01","AA HIGH ST TT 3240 THOMASTOWN  AU Card xx7792 Value Date: 20/04/2018","+619.40"
25/04/2018,"-68.12","7-ELEVEN 1302 MILL PARK  AU Card xx7792 Value Date: 21/04/2018","+684.41"
24/04/2018,"+355.00","POS  43424400 24 APR","+752.53"
24/04/2018,"-300.00","Wdl ATM CBA ATM  THOMASTOWN B   VIC 317502   AUS","+397.53"
24/04/2018,"-72.59","ADOBE  CREATIVE CLOUD 044-207-3650  IE Card xx7792 AUD 72.59 Value Date: 19/04/2018","+697.53"
24/04/2018,"-110.00","WU 1811085920949942 180-017-3833  AU Card xx7792 Value Date: 20/04/2018","+770.12"
24/04/2018,"-12.30","POST   THOMASTOWN PO THOMASTOWN  AU Card xx7792 Value Date: 20/04/2018","+880.12"
24/04/2018,"-0.78","International Transaction Fee Value Date: 19/04/2018","+892.42"
24/04/2018,"-26.13","WHITESPARK EDMONTON AB CA Card xx7792 USD 20.00 Value Date: 19/04/2018","+893.20"
23/04/2018,"+190.00","POS  43424400 23 APR","+919.33"
23/04/2018,"-39.99","Direct Debit 279234 PAYPAL AUSTRALIA 1002962366728","+729.33"
23/04/2018,"-6.95","Direct Debit 279234 PAYPAL AUSTRALIA 1002953977454","+769.32"
23/04/2018,"+120.00","Direct Credit 403697 AMEX GR   120.00 8032007957","+776.27"
21/04/2018,"+60.00","POS  43424400 21 APR","+656.27"
21/04/2018,"-500.00","Transfer To Doni Franjo PayID Phone from CommBank app Mojo","+596.27"
20/04/2018,"+305.00","POS  43424400 20 APR","+1096.27"
20/04/2018,"+500.00","Direct Credit 141000 Lion Pumping","+791.27"
19/04/2018,"-267.24","PRINT LOGISTICS BROADMEADOWS  AU Card xx7792 Value Date: 16/04/2018","+291.27"
19/04/2018,"-20.35","PRICELINE LALOR PLAZA LALOR  AU Card xx7792 Value Date: 13/04/2018","+558.51"
18/04/2018,"+260.00","POS  43424400 18 APR","+578.86"
18/04/2018,"-33.75","Direct Debit 062246 CommInsure 8260620--122338141","+318.86"
18/04/2018,"+50.00","Cash Dep Branch Thomastown","+352.61"
18/04/2018,"-700.00","Transfer to other Bank NetBank Rent and Rates","+302.61"
17/04/2018,"+492.00","POS  43424400 17 APR","+1002.61"
17/04/2018,"-200.00","Wdl ATM CBA ATM  THOMASTOWN C   VIC 317503   AUS","+510.61"
17/04/2018,"-31.60","VODAFONE NORTH SYDNEY  AU Card xx7792 Value Date: 13/04/2018","+710.61"
17/04/2018,"-20.00","COLES EXPRESS 6841 MILL PARK  AU Card xx7776 Value Date: 14/04/2018","+742.21"
16/04/2018,"-38.76","Direct Debit 279234 PAYPAL AUSTRALIA 1002916500031","+762.21"
16/04/2018,"+10.00","Transfer from GLENN CROCKER NetBank Glenn","+800.97"
16/04/2018,"+120.00","Transfer from GLENN CROCKER NetBank Glenn","+790.97"
14/04/2018,"+150.00","POS  43424400 14 APR","+670.97"
13/04/2018,"+300.00","POS  43424400 13 APR","+520.97"
13/04/2018,"-62.32","Direct Debit 068616 HOLLARD INSURANC HOLLAR2152961157","+220.97"
13/04/2018,"-138.28","Direct Debit 122794 IINET TECHNOLOGI 18101050a299cc0","+283.29"
12/04/2018,"+350.00","POS  43424400 12 APR","+421.57"
12/04/2018,"-7.99","Direct Debit 279234 PAYPAL AUSTRALIA 1002903412079","+71.57"
12/04/2018,"-650.00","VOLKSWAGEN FINANCIAL NetBank BPAY 44255 2733376","+79.56"
11/04/2018,"+380.00","POS  43424400 11 APR","+729.56"
11/04/2018,"-16.14","MILL PARK PHARMACY MILL PARK  AU Card xx7792 Value Date: 08/04/2018","+349.56"
11/04/2018,"-50.06","7-ELEVEN 1302 MILL PARK  AU Card xx7792 Value Date: 08/04/2018","+365.70"
11/04/2018,"-99.94","DAN MURPHYS LIQ W3432 EPPING  AU Card xx7792 Value Date: 09/04/2018","+415.76"
10/04/2018,"+240.00","POS  43424400 10 APR","+515.70"
10/04/2018,"-70.00","Transfer to xx5005 CommBank app","+275.70"
10/04/2018,"-99.77","TELSTRA BILL PAYMNT MELBOURNE  AU Card xx7792 Value Date: 06/04/2018","+345.70"
10/04/2018,"-104.48","OPTUS BILLING SMARTPAY MACQUARIE PAR  AU Card xx7792 Value Date: 06/04/2018","+445.47"
10/04/2018,"-29.77","WOOLWORTHS 3171 MILL P MILL PARK  AU Card xx7792 Value Date: 08/04/2018","+549.95"
10/04/2018,"-95.20","WCC - SALTWATER COMM POINT COOK  AU Card xx7792 Value Date: 08/04/2018","+579.72"
08/04/2018,"-2.50","Non CBA ATM Withdrawal Fee","+674.92"
08/04/2018,"-100.00","Wdl ATM Red Coles Express - L  Laverton       AU","+677.42"
07/04/2018,"+100.00","POS  43424400 07 APR","+777.42"
07/04/2018,"-3.91","International Transaction Fee Value Date: 04/04/2018","+677.42"
07/04/2018,"-130.47","SEMRUSH.COM HTTPSWWW.SEMR PA US Card xx7792 USD 99.95 Value Date: 04/04/2018","+681.33"
07/04/2018,"-50.00","MY NET FONE AUSTRALIA SURRY HILLS  AU Card xx7792 Value Date: 06/04/2018","+811.80"
06/04/2018,"+160.00","POS  43424400 06 APR","+861.80"
06/04/2018,"-200.00","GEM VISA CARD        NetBank BPAY 154799 6010732002049206","+701.80"
06/04/2018,"-50.00","OZTELL SYDNEY  AU Card xx7792 Value Date: 03/04/2018","+901.80"
06/04/2018,"-18.00","DE BORTOLI WINES DIXONS CREEK  AU Card xx7792 Value Date: 02/04/2018","+951.80"
06/04/2018,"-40.00","SW PLUS PETROL W3506 MILL PARK  AU Card xx7792 Value Date: 04/04/2018","+969.80"
06/04/2018,"-89.68","HOLLARD INSURANCE CHATSWOOD  AU Card xx7776 Value Date: 02/04/2018","+1009.80"
05/04/2018,"+590.00","POS  43424400 05 APR","+1099.48"
05/04/2018,"-126.24","WU *9673943950 SYDNEY  AU Card xx7792 Value Date: 31/03/2018","+509.48"
04/04/2018,"+130.00","POS  43424400 04 APR","+635.72"
03/04/2018,"+210.00","POS  43424400 03 APR","+505.72"
02/04/2018,"-90.00","CBA MERCHANT FEE 5353109391629396 Value Date: 31/03/2018","+295.72"
29/03/2018,"+385.00","POS  43424400 29 MAR","+385.72"
28/03/2018,"+140.00","POS  43424400 28 MAR","+0.72"
28/03/2018,"-143.23","Direct Debit 466856 GIO COMMERCIAL I GPM004106253","-139.28"
28/03/2018,"-200.00","Wdl ATM CBA ATM  TUNSTALL SQ A  VIC 349801   AUS","+3.95"
28/03/2018,"+50.00","Transfer From Mr Doni Franjo to PayID Phone CREDIT TO ACCOUNT","+203.95"
28/03/2018,"-11.75","VRIDDHI ENTERPRISES MELBOURNE  AU Card xx7776 Value Date: 24/03/2018","+153.95"
28/03/2018,"-27.00","KMART 1090 PRESTON  AU Card xx7776 Value Date: 26/03/2018","+165.70"
27/03/2018,"+150.00","POS  43424400 27 MAR","+192.70"
27/03/2018,"-590.00","Transfer to xx5005 NetBank Wages","+42.70"
27/03/2018,"-24.24","MELBOURNE AIRPORT TULLAMARINE  AU Card xx7792 Value Date: 23/03/2018","+632.70"
27/03/2018,"-45.00","ZOMP SHOEZ SOUTH YARRA  AU Card xx7776 Value Date: 24/03/2018","+656.94"
26/03/2018,"+170.00","POS  43424400 26 MAR","+701.94"
26/03/2018,"-12.95","Direct Debit 279234 PAYPAL AUSTRALIA 1002799366201","+531.94"
26/03/2018,"-146.78","Direct Debit 279234 PAYPAL AUSTRALIA 1002792971243","+544.89"
24/03/2018,"+190.00","POS  43424400 24 MAR","+691.67"
24/03/2018,"-11.90","POST   THOMASTOWN PO THOMASTOWN  AU Card xx7792 Value Date: 21/03/2018","+501.67"
23/03/2018,"-39.99","Direct Debit 279234 PAYPAL AUSTRALIA 1002783633395","+513.57"
23/03/2018,"-0.78","International Transaction Fee Value Date: 19/03/2018","+553.56"
23/03/2018,"-26.05","WHITESPARK EDMONTON AB CA Card xx7792 USD 20.00 Value Date: 19/03/2018","+554.34"
23/03/2018,"-21.49","SUPER CHEAP AUTO THOMASTOWN  AU Card xx7792 Value Date: 20/03/2018","+580.39"
23/03/2018,"-14.50","COLES 7786 LALOR  AU Card xx7792 Value Date: 21/03/2018","+601.88"
22/03/2018,"+350.00","POS  43424400 22 MAR","+616.38"
22/03/2018,"-6.95","Direct Debit 279234 PAYPAL AUSTRALIA 1002780850815","+266.38"
22/03/2018,"-165.58","Yarra Valley Water   NetBank BPAY 344366 53415100416","+273.33"
22/03/2018,"-49.50","AA HIGH ST TT 3240 THOMASTOWN  AU Card xx7792 Value Date: 19/03/2018","+438.91"
22/03/2018,"-72.59","ADOBE  CREATIVE CLOUD 044-207-3650  IE Card xx7792 AUD 72.59 Value Date: 19/03/2018","+488.41"
21/03/2018,"+95.00","POS  43424400 21 MAR","+561.00"
21/03/2018,"-500.00","Transfer to other Bank NetBank Rent and Rates","+466.00"
21/03/2018,"-414.00","Transfer to CBA A/c NetBank OzModChips","+966.00"
20/03/2018,"+380.00","POS  43424400 20 MAR","+1380.00"
20/03/2018,"+500.00","Direct Credit 141000 Lion Pumping","+1000.00"
20/03/2018,"-33.75","Direct Debit 062246 CommInsure 8260620--121515437","+500.00"
20/03/2018,"-19.10","SW PLUS PETROL W3048 KINGSBURY  AU Card xx7776 Value Date: 16/03/2018","+533.75"
19/03/2018,"+240.00","POS  43424400 19 MAR","+552.85"
17/03/2018,"+200.00","POS  43424400 17 MAR","+312.85"
17/03/2018,"-500.00","Transfer to other Bank NetBank Rent and Rates","+112.85"
16/03/2018,"+510.00","POS  43424400 16 MAR","+612.85"
16/03/2018,"-38.20","Direct Debit 279234 PAYPAL AUSTRALIA 1002741142650","+102.85"
16/03/2018,"-85.00","EnergyAustralia Pty  NetBank BPAY 97410 10045041479513","+141.05"
15/03/2018,"+200.00","POS  43424400 15 MAR","+226.05"
15/03/2018,"-458.91","EnergyAustralia Pty  NetBank BPAY 97410 10035416593204 Electricity Shop","+26.05"
14/03/2018,"+249.99","POS  43424400 14 MAR","+484.96"
14/03/2018,"-38.32","UNITED PRESTON STH PRESTON SOUTH  AU Card xx7792 Value Date: 11/03/2018","+234.97"
13/03/2018,"+170.00","POS  43424400 13 MAR","+273.29"
13/03/2018,"-137.65","Direct Debit 122794 IINET TECHNOLOGI 1807004fc338d84","+103.29"
13/03/2018,"-30.00","Transfer to xx5005 NetBank Wages","+240.94"
13/03/2018,"-50.00","AA HIGH ST TT 3240 THOMASTOWN  AU Card xx7792 Value Date: 08/03/2018","+270.94"
13/03/2018,"-30.12","VODAFONE NORTH SYDNEY  AU Card xx7792 Value Date: 08/03/2018","+320.94"
12/03/2018,"+170.00","POS  43424400 12 MAR","+351.06"
12/03/2018,"-62.32","Direct Debit 068616 HOLLARD INSURANC HOLLAR2130711211","+181.06"
10/03/2018,"+140.00","POS  43424400 10 MAR","+243.38"
10/03/2018,"-10.00","Transfer to xx5005 NetBank Wages","+103.38"
10/03/2018,"-625.00","WU 1806687602848240 180-017-3833  AU Card xx7792 Value Date: 07/03/2018","+113.38"
09/03/2018,"+10.00","POS  43424400 09 MAR","+738.38"
08/03/2018,"-50.00","POS  43424400 08 MAR","+728.38"
08/03/2018,"-27.98","Direct Debit 279234 PAYPAL AUSTRALIA 1002698058509","+778.38"
07/03/2018,"+180.00","POS  43424400 07 MAR","+806.36"
07/03/2018,"-3.88","International Transaction Fee Value Date: 04/03/2018","+626.36"
07/03/2018,"-129.20","SEMRUSH 8558144510 PA US Card xx7792 USD 99.95 Value Date: 04/03/2018","+630.24"
06/03/2018,"+600.00","Direct Credit 141000 corvette clinic 010318c","+759.44"
06/03/2018,"-600.00","Transfer to other Bank NetBank Rent and Rates","+159.44"
06/03/2018,"-50.00","COLES 7812 RESERVOIR  AU Card xx7792 Value Date: 04/03/2018","+759.44"
06/03/2018,"-72.78","HOLLARD INSURANCE CHATSWOOD  AU Card xx7776 Value Date: 01/03/2018","+809.44"
05/03/2018,"+586.00","POS  43424400 05 MAR","+882.22"
05/03/2018,"-200.00","GEM VISA CARD        NetBank BPAY 154799 6010732002049206","+296.22"
03/03/2018,"+420.00","POS  43424400 03 MAR","+496.22"
03/03/2018,"-660.00","VOLKSWAGEN FINANCIAL NetBank BPAY 44255 2733376","+76.22"
03/03/2018,"+300.00","CASH DEPOSIT CBA ATM  EPPING D       VIC 359904   AUS","+736.22"
03/03/2018,"-18.66","MILL PARK PHARMACY MILL PARK  AU Card xx7792 Value Date: 28/02/2018","+436.22"
03/03/2018,"-114.06","OPTUS BILLING SMARTPAY MACQUARIE PAR  AU Card xx7792 Value Date: 28/02/2018","+454.88"
03/03/2018,"-23.24","BUNNINGS 371000 THOMASTOWN  AU Card xx7792 Value Date: 02/03/2018","+568.94"
02/03/2018,"+140.00","POS  43424400 02 MAR","+592.18"
02/03/2018,"-90.00","CBA MERCHANT FEE 5353109391629396 Value Date: 28/02/2018","+452.18"
02/03/2018,"-117.32","TELSTRA BILL PAYMNT MELBOURNE  AU Card xx7792 Value Date: 27/02/2018","+542.18"
02/03/2018,"-7.80","MCDONALDS MILL PARK MILL PARK  AU Card xx7792 Value Date: 26/02/2018","+659.50"
01/03/2018,"-0.11","Debit Excess Interest","+667.30"
28/02/2018,"+480.00","POS  43424400 28 FEB","+667.41"
28/02/2018,"-143.23","Direct Debit 466856 GIO COMMERCIAL I GPM004106253","+187.41"
27/02/2018,"+210.00","POS  43424400 27 FEB","+330.64"
27/02/2018,"-11.58","Direct Debit 279234 PAYPAL AUSTRALIA 1002642151600","+120.64"
27/02/2018,"-6.95","Direct Debit 279234 PAYPAL AUSTRALIA 1002641242818","+132.22"
27/02/2018,"-5.38","Direct Debit 279234 PAYPAL AUSTRALIA 1002642119464","+139.17"
27/02/2018,"-8.90","BUNNINGS 712000 COBURG  AU Card xx7792 Value Date: 26/02/2018","+144.55"
26/02/2018,"-21.57","Direct Debit 279234 PAYPAL AUSTRALIA 1002620105761","+153.45"
26/02/2018,"-7.57","Direct Debit 279234 PAYPAL AUSTRALIA 1002620665628","+175.02"
24/02/2018,"+160.00","POS  43424400 24 FEB","+182.59"
24/02/2018,"-198.00","FINES VICTORIA       NetBank BPAY 49031 1800863120","+22.59"
24/02/2018,"-50.00","AA HIGH ST TT 3240 THOMASTOWN  AU Card xx7792 Value Date: 21/02/2018","+220.59"
23/02/2018,"+230.00","POS  43424400 23 FEB","+270.59"
23/02/2018,"-23.70","Direct Debit 279234 PAYPAL AUSTRALIA 1002614249829","+40.59"
23/02/2018,"-39.99","Direct Debit 279234 PAYPAL AUSTRALIA 1002616499604","+64.29"
23/02/2018,"-620.00","VOLKSWAGEN FINANCIAL NetBank BPAY 44255 2733376","+104.28"
23/02/2018,"-40.00","OZTELL SYDNEY  AU Card xx7792 Value Date: 20/02/2018","+724.28"
23/02/2018,"-0.76","International Transaction Fee Value Date: 19/02/2018","+764.28"
23/02/2018,"-25.41","WHITESPARK EDMONTON AB CA Card xx7792 USD 20.00 Value Date: 19/02/2018","+765.04"
22/02/2018,"+460.00","POS  43424400 22 FEB","+790.45"
22/02/2018,"-100.00","Transfer To Doni Franjo PayID Phone from CommBank app Bills","+330.45"
22/02/2018,"-72.59","ADOBE  CREATIVE CLOUD 044-207-3650  IE Card xx7792 AUD 72.59 Value Date: 19/02/2018","+430.45"
21/02/2018,"+80.00","POS  43424400 21 FEB","+503.04"
21/02/2018,"-977.78","Transfer to other Bank NetBank Rent and Rates","+423.04"
21/02/2018,"-50.00","Wdl ATM CBA ATM  THOMASTOWN A   VIC 317501   AUS","+1400.82"
21/02/2018,"-115.26","DKC DIGI-KEY CORP 218-681-6674 MN US Card xx7792 AUD 115.26 Value Date: 19/02/2018","+1450.82"
20/02/2018,"+605.00","Direct Credit 141000 Corvette Clinic inv 010218c","+1566.08"
20/02/2018,"+500.00","Direct Credit 141000 Lion Pumping","+961.08"
20/02/2018,"-33.75","Direct Debit 062246 CommInsure 8260620--120655801","+461.08"
20/02/2018,"-300.00","Wdl ATM CBA ATM  THOMASTOWN A   VIC 317501   AUS","+494.83"
20/02/2018,"-46.35","WU 1804689060379290 180-017-3833  AU Card xx7792 Value Date: 15/02/2018","+794.83"
20/02/2018,"-40.00","7-ELEVEN 1262 CLIFTON HILL  AU Card xx7792 Value Date: 16/02/2018","+841.18"
19/02/2018,"+260.00","POS  43424400 19 FEB","+881.18"
19/02/2018,"-2.99","Direct Debit 279234 PAYPAL AUSTRALIA 1002584773656","+621.18"
17/02/2018,"+430.00","POS  43424400 17 FEB","+624.17"
15/02/2018,"+180.00","POS  43424400 15 FEB","+194.17"
15/02/2018,"-1000.00","Transfer to other Bank NetBank Rent and Rates","+14.17"
15/02/2018,"+200.00","CASH DEPOSIT CBA ATM  THOMASTOWN C   VIC 317503   AUS","+1014.17"
14/02/2018,"+629.00","POS  43424400 14 FEB","+814.17"
14/02/2018,"+350.00","Direct Credit 141000 Property Connect website design","+185.17"
14/02/2018,"-38.40","Direct Debit 279234 PAYPAL AUSTRALIA 1002564361199","-164.83"
14/02/2018,"-10.00","Overdrawing Approval Fee For overdrawing that occurred 13/02/18","-126.43"
13/02/2018,"+40.00","POS  43424400 13 FEB","-116.43"
13/02/2018,"-135.85","Direct Debit 122794 IINET TECHNOLOGI 1804204ee70d8eb","-156.43"
13/02/2018,"-30.82","VODAFONE NORTH SYDNEY  AU Card xx7792 Value Date: 08/02/2018","-20.58"
12/02/2018,"+60.00","POS  43424400 12 FEB","+10.24"
12/02/2018,"-62.32","Direct Debit 068616 HOLLARD INSURANC HOLLAR2111674746","-49.76"
12/02/2018,"-7.55","Direct Debit 279234 PAYPAL AUSTRALIA 1002541763194","+12.56"
12/02/2018,"-19.99","Direct Debit 279234 PAYPAL AUSTRALIA 1002546321123","+20.11"
12/02/2018,"-50.00","Wdl ATM CBA ATM  THOMASTOWN C   VIC 317503   AUS","+40.10"
10/02/2018,"-200.00","Transfer to xx5005 NetBank Wages","+90.10"
09/02/2018,"+200.00","POS  43424400 09 FEB","+290.10"
09/02/2018,"-600.00","Transfer to other Bank NetBank Rent and Rates","+90.10"
09/02/2018,"+500.00","CASH DEPOSIT CBA ATM  THOMASTOWN C   VIC 317503   AUS","+690.10"
08/02/2018,"+100.00","POS  43424400 08 FEB","+190.10"
08/02/2018,"-70.95","Transfer to CBA A/c NetBank OzModChips","+90.10"
08/02/2018,"-248.45","POST   THOMASTOWN POS              VICAU","+161.05"
07/02/2018,"+380.00","POS  43424400 07 FEB","+409.50"
07/02/2018,"-8.99","Direct Debit 279234 PAYPAL AUSTRALIA 1002529459139","+29.50"
07/02/2018,"-9.99","Direct Debit 279234 PAYPAL AUSTRALIA 1002525028790","+38.49"
07/02/2018,"-5.99","Direct Debit 279234 PAYPAL AUSTRALIA 1002525021356","+48.48"
07/02/2018,"-40.00","UNITED PRESTON STH PRESTON SOUTH  AU Card xx7792 Value Date: 04/02/2018","+54.47"
07/02/2018,"-3.79","International Transaction Fee Value Date: 04/02/2018","+94.47"
07/02/2018,"-126.28","SEMRUSH 8558144510 PA US Card xx7792 USD 99.95 Value Date: 04/02/2018","+98.26"
06/02/2018,"+60.00","POS  43424400 06 FEB","+224.54"
06/02/2018,"-20.00","OZTELL SYDNEY  AU Card xx7792 Value Date: 01/02/2018","+164.54"
06/02/2018,"-88.38","COSTCO WHOLESALE AUS DOCKLANDS  AU Card xx7792 Value Date: 04/02/2018","+184.54"
06/02/2018,"-72.78","HOLLARD INSURANCE CHATSWOOD  AU Card xx7776 Value Date: 01/02/2018","+272.92"
05/02/2018,"+150.00","POS  43424400 05 FEB","+345.70"
05/02/2018,"-118.79","Direct Debit 279234 PAYPAL AUSTRALIA 5N5J2ADL4VPCN","+195.70"
05/02/2018,"-7.95","Direct Debit 279234 PAYPAL AUSTRALIA 1002508445249","+314.49"
05/02/2018,"-7.75","Direct Debit 279234 PAYPAL AUSTRALIA 1002501748091","+322.44"
05/02/2018,"-34.00","Direct Debit 279234 PAYPAL AUSTRALIA 1002506775017","+330.19"
05/02/2018,"-500.00","Transfer to other Bank NetBank Rent and Rates","+364.19"
03/02/2018,"+654.00","POS  43424400 03 FEB","+864.19"
02/02/2018,"+165.00","POS  43424400 02 FEB","+210.19"
02/02/2018,"-49.96","Direct Debit 279234 PAYPAL AUSTRALIA 1002501314973","+45.19"
02/02/2018,"-9.75","Direct Debit 279234 PAYPAL AUSTRALIA 1002499426871","+95.15"
02/02/2018,"-90.00","CBA MERCHANT FEE 5353109391629396 Value Date: 31/01/2018","+104.90"
02/02/2018,"+100.00","CASH DEPOSIT CBA ATM  THOMASTOWN C   VIC 317503   AUS","+194.90"
01/02/2018,"-0.01","Debit Excess Interest","+94.90"
01/02/2018,"-39.65","ALDI STORES GREENSBOROUGH  AU Card xx7792 Value Date: 28/01/2018","+94.91"
31/01/2018,"+40.00","POS  43424400 31 JAN","+134.56"
31/01/2018,"-43.00","YV CHOCOLATERIE YARRA GLEN  AU Card xx7792 Value Date: 28/01/2018","+94.56"
31/01/2018,"-202.82","OPTUS BILLING SMARTPAY MACQUARIE PAR  AU Card xx7792 Value Date: 29/01/2018","+137.56"
31/01/2018,"-6.70","RITCHIES DIAMOND CRE DIAMOND CREEK  AU Card xx7792 Value Date: 27/01/2018","+340.38"
31/01/2018,"-13.32","DE BORTOLI WINES DIXONS CREEK  AU Card xx7792 Value Date: 27/01/2018","+347.08"
31/01/2018,"-23.00","DE BORTOLI WINES DIXONS CREEK  AU Card xx7792 Value Date: 27/01/2018","+360.40"
31/01/2018,"-6.00","COLES 0654 EPPING  AU Card xx7792 Value Date: 29/01/2018","+383.40"
30/01/2018,"+160.00","POS  43424400 30 JAN","+389.40"
30/01/2018,"-143.23","Direct Debit 466856 GIO COMMERCIAL I GPM004106253","+229.40"
30/01/2018,"-500.00","Transfer to other Bank NetBank Rent and Rates","+372.63"
30/01/2018,"+400.00","CASH DEPOSIT CBA ATM  THOMASTOWN C   VIC 317503   AUS","+872.63"
30/01/2018,"-8.20","COLES 7786 LALOR  AU Card xx7792 Value Date: 28/01/2018","+472.63"
30/01/2018,"-24.00","Nillumbik Estate Smiths Gully  AU Card xx7792 Value Date: 28/01/2018","+480.83"
29/01/2018,"+85.00","POS  43424400 29 JAN","+504.83"
29/01/2018,"-6.95","Direct Debit 279234 PAYPAL AUSTRALIA 1002461183289","+419.83"
25/01/2018,"+35.00","POS  43424400 25 JAN","+426.78"
24/01/2018,"-6.68","EASYPARK PAY BY PH PRAHRAN  AU Card xx7792 Value Date: 20/01/2018","+391.78"
23/01/2018,"-39.99","Direct Debit 279234 PAYPAL AUSTRALIA 1002441024307","+398.46"
23/01/2018,"-350.00","Wdl ATM CBA ATM  THOMASTOWN A   VIC 317501   AUS","+438.45"
23/01/2018,"-150.00","GEM VISA CARD        NetBank BPAY 154799 6010732002049206","+788.45"
23/01/2018,"-72.59","ADOBE  CREATIVE CLOUD 044-207-3650  IE Card xx7792 AUD 72.59 Value Date: 19/01/2018","+938.45"
23/01/2018,"-0.75","International Transaction Fee Value Date: 19/01/2018","+1011.04"
23/01/2018,"-25.07","WHITESPARK EDMONTON AB CA Card xx7792 USD 20.00 Value Date: 19/01/2018","+1011.79"
23/01/2018,"-13.99","WOOLWORTHS 3171 MILL P MILL PARK  AU Card xx7792 Value Date: 20/01/2018","+1036.86"
22/01/2018,"+160.00","POS  43424400 22 JAN","+1050.85"
22/01/2018,"+500.00","Direct Credit 141000 Lion Pumping","+890.85"
20/01/2018,"+240.00","POS  43424400 20 JAN","+390.85"
18/01/2018,"-10.00","Transfer to xx5005 NetBank","+150.85"
18/01/2018,"-33.75","Direct Debit 062246 CommInsure 8260620--119759667","+160.85"
17/01/2018,"-202.39","VODAFONE NORTH SYDNEY  AU Card xx7792 Value Date: 13/01/2018","+194.60"
16/01/2018,"+80.00","POS  43424400 16 JAN","+396.99"
16/01/2018,"-9.50","Direct Debit 208067 CBA XPOS 5353109391629396","+316.99"
15/01/2018,"-38.25","Direct Debit 279234 PAYPAL AUSTRALIA 1002394768942","+326.49"
15/01/2018,"-140.35","Direct Debit 122794 IINET TECHNOLOGI 1801104e043b24f","+364.74"
15/01/2018,"-351.90","SunDoctors Doncaster     Doncaster EasAU","+505.09"
15/01/2018,"+55.00","Transfer from GLENN CROCKER NetBank Glenn","+856.99"
15/01/2018,"+200.00","CASH DEPOSIT CBA ATM  MOONEE PONDS A VIC 314701   AUS","+801.99"
13/01/2018,"+270.00","POS  43424400 13 JAN","+601.99"
12/01/2018,"+350.00","POS  43424400 12 JAN","+331.99"
12/01/2018,"-62.32","Direct Debit 068616 HOLLARD INSURANC HOLLAR2092503872","-18.01"
12/01/2018,"-101.39","OPTUS BILLING SMARTPAY MACQUARIE PAR  AU Card xx7792 Value Date: 10/01/2018","+44.31"
11/01/2018,"+10.00","POS  43424400 11 JAN","+145.70"
10/01/2018,"-236.97","EnergyAustralia Pty  NetBank BPAY 97410 10035416593204 Electricity Shop","+135.70"
09/01/2018,"+370.00","POS  43424400 09 JAN","+372.67"
09/01/2018,"+100.00","CASH DEPOSIT CBA ATM  THOMASTOWN C   VIC 317503   AUS","+2.67"
09/01/2018,"-3.84","International Transaction Fee Value Date: 04/01/2018","-97.33"
09/01/2018,"-127.95","SEMRUSH.COM HTTPSWWW.SEMR PA US Card xx7792 USD 99.95 Value Date: 04/01/2018","-93.49"
09/01/2018,"-18.55","Direct Debit 279234 PAYPAL AUSTRALIA 1002360960638","+34.46"
09/01/2018,"-59.68","Direct Debit 279234 PAYPAL AUSTRALIA 1002361506177","+53.01"
08/01/2018,"-23.79","Direct Debit 279234 PAYPAL AUSTRALIA 1002345283175","+112.69"
06/01/2018,"-50.00","OZTELL SYDNEY  AU Card xx7792 Value Date: 03/01/2018","+136.48"
05/01/2018,"-150.00","RAGUSA RESTAURANT WILLIAMSTOWN  AU Card xx7776 Value Date: 29/12/2017","+186.48"
05/01/2018,"-72.78","HOLLARD INSURANCE CHATSWOOD  AU Card xx7776 Value Date: 01/01/2018","+336.48"
04/01/2018,"+100.00","POS  43424400 04 JAN","+409.26"
04/01/2018,"-700.00","Transfer to other Bank NetBank Rent and Rates","+309.26"
03/01/2018,"+240.00","POS  43424400 03 JAN","+1009.26"
02/01/2018,"+10.00","POS  43424400 02 JAN","+769.26"
02/01/2018,"-6.95","Direct Debit 279234 PAYPAL AUSTRALIA 1002308207585","+759.26"
02/01/2018,"-90.00","CBA MERCHANT FEE 5353109391629396 Value Date: 31/12/2017","+766.21"
02/01/2018,"-54.60","Direct Debit 279234 PAYPAL AUSTRALIA 1002301051097","+856.21"
02/01/2018,"-38.00","Direct Debit 279234 PAYPAL AUSTRALIA 1002303301879","+910.81"
30/12/2017,"+240.00","POS  43424400 30 DEC","+948.81"
30/12/2017,"-70.96","COSTCO WHOLESALE AUS DOCKLANDS  AU Card xx7776 Value Date: 29/12/2017","+708.81"
29/12/2017,"+260.00","POS  43424400 29 DEC","+779.77"
28/12/2017,"+60.00","POS  43424400 28 DEC","+519.77"
28/12/2017,"-138.68","Direct Debit 466856 GIO COMMERCIAL I GPM004106253","+459.77"
28/12/2017,"-1080.00","WU 1735687877496381 180-017-3833  AU Card xx7792 Value Date: 22/12/2017","+598.45"
27/12/2017,"+330.00","POS  43424400 27 DEC","+1678.45"
27/12/2017,"-39.99","Direct Debit 279234 PAYPAL AUSTRALIA 1002270753130","+1348.45"
27/12/2017,"-177.99","COLES 7786               LALOR        AU","+1388.44"
25/12/2017,"-100.00","Transfer to CBA A/c CommBank app Merry Christmas","+1566.43"
23/12/2017,"-0.78","International Transaction Fee Value Date: 19/12/2017","+1666.43"
23/12/2017,"-26.15","WHITESPARK EDMONTON AB CA Card xx7792 USD 20.00 Value Date: 19/12/2017","+1667.21"
22/12/2017,"+520.00","POS  43424400 22 DEC","+1693.36"
22/12/2017,"-100.00","Wdl ATM CBA ATM  THOMASTOWN B   VIC 317502   AUS","+1173.36"
22/12/2017,"-14.75","GERVASI IGA THOM THOMASTOWN  AU Card xx7792 Value Date: 20/12/2017","+1273.36"
22/12/2017,"-16.00","COLES 0585 BUNDOORA  AU Card xx7792 Value Date: 20/12/2017","+1288.11"
22/12/2017,"-72.59","ADOBE  CREATIVE CLOUD 044-207-3650  IE Card xx7792 AUD 72.59 Value Date: 19/12/2017","+1304.11"
22/12/2017,"-9.80","BUNNINGS 371000 THOMASTOWN  AU Card xx7792 Value Date: 21/12/2017","+1376.70"
21/12/2017,"+340.00","POS  43424400 21 DEC","+1386.50"
20/12/2017,"+45.00","POS  43424400 20 DEC","+1046.50"
20/12/2017,"+500.00","Direct Credit 141000 Lion Pumping","+1001.50"
20/12/2017,"-104.17","TELSTRA BILL PAYMNT MELBOURNE  AU Card xx7792 Value Date: 18/12/2017","+501.50"
19/12/2017,"+364.00","POS  43424400 19 DEC","+605.67"
19/12/2017,"-33.75","Direct Debit 062246 CommInsure 8260620--118916341","+241.67"
19/12/2017,"-169.00","Micro Hardware1544774      BUNDOORA03 AU","+275.42"
19/12/2017,"-54.88","BP RESERVOIR 7782 RESERVOIR  AU Card xx7792 Value Date: 14/12/2017","+444.42"
19/12/2017,"-11.15","COLES 7919 COBURG NORTH  AU Card xx7792 Value Date: 15/12/2017","+499.30"
19/12/2017,"-74.00","KMART 1014 CAMPBELLFIELD  AU Card xx7776 Value Date: 17/12/2017","+510.45"
19/12/2017,"-59.94","Direct Debit 279234 PAYPAL AUSTRALIA 1002244627209","+584.45"
18/12/2017,"+430.00","POS  43424400 18 DEC","+644.39"
18/12/2017,"-9.70","Direct Debit 208067 CBA XPOS 5353109391629396","+214.39"
18/12/2017,"-39.31","Direct Debit 279234 PAYPAL AUSTRALIA 1002225568854","+224.09"
18/12/2017,"-357.50","Transfer to CBA A/c NetBank OzModChips","+263.40"
18/12/2017,"+300.00","CASH DEPOSIT CBA ATM  THOMASTOWN C   VIC 317503   AUS","+620.90"
17/12/2017,"-50.00","Wdl ATM CBA ATM  CLIFTON HILL A VIC 330701   AUS","+320.90"
16/12/2017,"+50.00","POS  43424400 16 DEC","+370.90"
16/12/2017,"-6.15","CARE PARK PTY LTD MELBOURNE  AU Card xx7792 Value Date: 13/12/2017","+320.90"
15/12/2017,"+170.00","POS  43424400 15 DEC","+327.05"
15/12/2017,"-30.00","AA HIGH ST TT 3240 THOMASTOWN  AU Card xx7792 Value Date: 12/12/2017","+157.05"
14/12/2017,"+80.00","POS  43424400 14 DEC","+187.05"
14/12/2017,"-72.78","HOLLARD INSURANCE CHATSWOOD  AU Card xx7776 Value Date: 11/12/2017","+107.05"
13/12/2017,"+120.00","POS  43424400 13 DEC","+179.83"
13/12/2017,"-136.98","Direct Debit 122794 IINET TECHNOLOGI 1734504d208ee2b","+59.83"
13/12/2017,"-1056.70","Transfer to other Bank NetBank Rent and Rates","+196.81"
13/12/2017,"+400.00","CASH DEPOSIT CBA ATM  THOMASTOWN C   VIC 317503   AUS","+1253.51"
13/12/2017,"-38.95","NETREGISTRY CHIPPENDALE  AU Card xx7792 Value Date: 09/12/2017","+853.51"
13/12/2017,"-16.47","Direct Debit 279234 PAYPAL AUSTRALIA 1002198000732","+892.46"
12/12/2017,"+490.00","POS  43424400 12 DEC","+908.93"
12/12/2017,"-62.32","Direct Debit 068616 HOLLARD INSURANC HOLLAR2074347932","+418.93"
12/12/2017,"-39.00","BROADWAY COMPUTERS P RESERVOIR  AU Card xx7792 Value Date: 11/12/2017","+481.25"
11/12/2017,"+100.00","POS  43424400 11 DEC","+520.25"
11/12/2017,"-9.70","Direct Debit 208067 CBA XPOS 5353109391629396","+420.25"
11/12/2017,"+300.00","Direct Credit 128594 VICTORIA HOTEL IT","+429.95"
09/12/2017,"-250.00","EnergyAustralia Pty  NetBank BPAY 97410 10035416593204 Electricity Shop","+129.95"
08/12/2017,"+270.00","POS  43424400 08 DEC","+379.95"
08/12/2017,"-8.94","Direct Debit 279234 PAYPAL AUSTRALIA 1002170672067","+109.95"
07/12/2017,"-20.00","Transfer to other Bank NetBank Watchforce","+118.89"
07/12/2017,"-54.60","PAYPAL 4029357733  AU Card xx7792 Value Date: 03/12/2017","+138.89"
07/12/2017,"-6.95","PAYPAL *VENTRAIP AU 4029357733  AU Card xx7792 Value Date: 03/12/2017","+193.49"
07/12/2017,"-30.00","OZTELL SYDNEY  AU Card xx7792 Value Date: 02/12/2017","+200.44"
07/12/2017,"-3.96","International Transaction Fee Value Date: 04/12/2017","+230.44"
07/12/2017,"-131.92","SEMRUSH.COM HTTPSWWW.SEMR PA US Card xx7792 USD 99.95 Value Date: 04/12/2017","+234.40"
06/12/2017,"+120.00","POS  43424400 06 DEC","+366.32"
06/12/2017,"-98.96","VODAFONE NORTH SYDNEY  AU Card xx7792 Value Date: 02/12/2017","+246.32"
05/12/2017,"+30.00","Transfer from  NetBank","+345.28"
05/12/2017,"-19.70","POST   THOMASTOWN PO THOMASTOWN  AU Card xx7792 Value Date: 01/12/2017","+315.28"
05/12/2017,"-30.00","7-ELEVEN 1169 EPPING  AU Card xx7776 Value Date: 01/12/2017","+334.98"
05/12/2017,"-44.38","Direct Debit 279234 PAYPAL AUSTRALIA 1002150393552","+364.98"
04/12/2017,"+100.00","POS  43424400 04 DEC","+409.36"
02/12/2017,"-90.00","CBA MERCHANT FEE 5353109391629396 Value Date: 30/11/2017","+309.36"
02/12/2017,"+150.00","POS  43424400 02 DEC","+399.36"
01/12/2017,"+190.00","POS  43424400 01 DEC","+249.36"
01/12/2017,"-700.00","Transfer to other Bank NetBank Rent and Rates","+59.36"
01/12/2017,"-0.14","Debit Excess Interest","+759.36"
01/12/2017,"-0.02","Debit Excess Int Adjusted Value Date: 01/11/2017","+759.50"
01/12/2017,"-45.98","CHEMIST WAREHOUSE EPPING  AU Card xx7792 Value Date: 28/11/2017","+759.52"
30/11/2017,"+460.00","POS  43424400 30 NOV","+805.50"
30/11/2017,"-20.00","Transfer to other Bank NetBank Watchforce","+345.50"
30/11/2017,"-17.98","GERVASI IGA THOM THOMASTOWN  AU Card xx7792 Value Date: 28/11/2017","+365.50"
30/11/2017,"-18.53","WOOLWORTHS 3171 MILL P MILL PARK  AU Card xx7792 Value Date: 28/11/2017","+383.48"
30/11/2017,"-21.80","Direct Debit 279234 PAYPAL AUSTRALIA 1002116150683","+402.01"
30/11/2017,"-20.50","Direct Debit 279234 PAYPAL AUSTRALIA 1002116199579","+423.81"
29/11/2017,"+40.00","POS  43424400 29 NOV","+444.31"
29/11/2017,"-95.00","MELBOURNE PATHOLOGY COLLINGWOOD  AU Card xx7792 Value Date: 27/11/2017","+404.31"
28/11/2017,"+270.00","POS  43424400 28 NOV","+499.31"
28/11/2017,"-138.68","Direct Debit 466856 GIO COMMERCIAL I GPM004106253","+229.31"
28/11/2017,"-500.00","Wdl ATM CBA ATM  THOMASTOWN A   VIC 317501   AUS","+367.99"
28/11/2017,"-65.00","THE ESPLANADE RESORT LAKES ENTRANC  AU Card xx7792 Value Date: 24/11/2017","+867.99"
28/11/2017,"-15.00","COLES 0585 BUNDOORA  AU Card xx7792 Value Date: 25/11/2017","+932.99"
28/11/2017,"-50.00","CALTEX LONGWARRY WES LONGWARRY  AU Card xx7792 Value Date: 25/11/2017","+947.99"
28/11/2017,"-93.85","DAN MURPHYS W3073 SOUTH MORANG  AU Card xx7792 Value Date: 25/11/2017","+997.99"
28/11/2017,"-65.00","THE ESPLANADE RESORT LAKES ENTRANC  AU Card xx7776 Value Date: 24/11/2017","+1091.84"
27/11/2017,"+50.00","POS  43424400 27 NOV","+1156.84"
27/11/2017,"+400.00","Direct Credit 128594 VICTORIA HOTEL IT","+1106.84"
27/11/2017,"-483.90","VOLKSWAGEN FINANCIAL NetBank BPAY 44255 2733376","+706.84"
25/11/2017,"-90.00","THE ESPLANADE RESORT LAKES ENTRANC  AU Card xx7792 Value Date: 22/11/2017","+1190.74"
24/11/2017,"-71.70","UNITED BULLEEN BULLEEN  AU Card xx7792 Value Date: 22/11/2017","+1280.74"
24/11/2017,"-101.33","OPTUS BILLING SMARTPAY MACQUARIE PAR  AU Card xx7792 Value Date: 22/11/2017","+1352.44"
24/11/2017,"-29.05","WOOLWORTHS 3126 LAKES LAKES ENTRANC  AU Card xx7792 Value Date: 23/11/2017","+1453.77"
24/11/2017,"-20.55","WOOLWORTHS 3126 LAKES LAKES ENTRANC  AU Card xx7792 Value Date: 23/11/2017","+1482.82"
24/11/2017,"-39.99","Direct Debit 279234 PAYPAL AUSTRALIA 1002070927310","+1503.37"
23/11/2017,"+500.00","Direct Credit 141000 Lion Pumping 003LP","+1543.36"
23/11/2017,"-20.00","Transfer to other Bank NetBank Watchforce","+1043.36"
23/11/2017,"-0.80","International Transaction Fee Value Date: 19/11/2017","+1063.36"
23/11/2017,"-26.52","WHITESPARK EDMONTON AB CA Card xx7792 USD 20.00 Value Date: 19/11/2017","+1064.16"
23/11/2017,"-31.12","WOOLWORTHS 3126 LAKES LAKES ENTRANC  AU Card xx7792 Value Date: 22/11/2017","+1090.68"
23/11/2017,"-30.00","CITYLINK MELBOURNE MELBOURNE  AU Card xx7792 Value Date: 22/11/2017","+1121.80"
22/11/2017,"-69.00","LOUKES ELECTRONICS       LAKES ENTRANCAU","+1151.80"
22/11/2017,"-16.00","WILSON PARKING MEL210 MELBOURNE  AU Card xx7792 Value Date: 18/11/2017","+1220.80"
22/11/2017,"-72.59","ADOBE  CREATIVE CLOUD 044-207-3650  IE Card xx7792 AUD 72.59 Value Date: 19/11/2017","+1236.80"
22/11/2017,"-77.96","Direct Debit 279234 PAYPAL AUSTRALIA 1002061604571","+1309.39"
21/11/2017,"+368.00","POS  43424400 21 NOV","+1387.35"
21/11/2017,"+500.00","Direct Credit 141000 Corvette Clinic 011117c","+1019.35"
21/11/2017,"-95.00","WU 1732288751966672 180-017-3833  AU Card xx7792 Value Date: 18/11/2017","+519.35"
20/11/2017,"+430.00","POS  43424400 20 NOV","+614.35"
20/11/2017,"-33.75","Direct Debit 062246 CommInsure 8260620--118050710","+184.35"
20/11/2017,"-20.00","Transfer to other Bank NetBank Watchforce","+218.10"
19/11/2017,"+25.00","POS  43424400 19 NOV","+238.10"
18/11/2017,"+100.00","POS  43424400 18 NOV","+213.10"
17/11/2017,"+110.00","POS  43424400 17 NOV","+113.10"
17/11/2017,"-39.44","Direct Debit 279234 PAYPAL AUSTRALIA 1002028273802","+3.10"
16/11/2017,"+60.00","POS  43424400 16 NOV","+42.54"
16/11/2017,"-78.00","PUMA - DFO ESSENDON ESSENDON  AU Card xx7792 Value Date: 11/11/2017","-17.46"
15/11/2017,"+120.00","POS  43424400 15 NOV","+60.54"
15/11/2017,"-75.14","ESPRIT DFO ESSENDON ESSENDON  AU Card xx7792 Value Date: 11/11/2017","-59.46"
14/11/2017,"-5.75","BUNNINGS 689000 MILL PARK  AU Card xx7792 Value Date: 12/11/2017","+15.68"
13/11/2017,"-62.23","Direct Debit 068616 Hollard/Real HOLLAR2055231848","+21.43"
13/11/2017,"-136.75","Direct Debit 122794 IINET TECHNOLOGI 1731504c369fd25","+83.66"
11/11/2017,"+20.00","POS  43424400 11 NOV","+220.41"
11/11/2017,"-101.00","OPTUS BILLING SMARTPAY MACQUARIE PAR  AU Card xx7792 Value Date: 08/11/2017","+200.41"
11/11/2017,"-72.78","HOLLARD INSURANE CHATSWOOD  AU Card xx7776 Value Date: 08/11/2017","+301.41"
10/11/2017,"+120.00","POS  43424400 10 NOV","+374.19"
10/11/2017,"-229.00","Direct Debit 279234 PAYPAL AUSTRALIA 1001993754336","+254.19"
09/11/2017,"+190.00","POS  43424400 09 NOV","+483.19"
09/11/2017,"-775.00","Transfer to other Bank NetBank Rent and Rates","+293.19"
09/11/2017,"-200.00","VOLKSWAGEN FINANCIAL NetBank BPAY 44255 2733376","+1068.19"
09/11/2017,"+500.00","Direct Credit 128594 VICTORIA HOTEL IT","+1268.19"
09/11/2017,"-20.00","Transfer to other Bank NetBank Watchforce","+768.19"
09/11/2017,"-30.01","AA HIGH ST TT 3240 THOMASTOWN  AU Card xx7792 Value Date: 06/11/2017","+788.19"
08/11/2017,"+480.00","POS  43424400 08 NOV","+818.20"
08/11/2017,"-10.08","WILSON PARKING 197 SOUTHBANK  AU Card xx7792 Value Date: 05/11/2017","+338.20"
07/11/2017,"-40.00","Transfer to xx5005 NetBank Wages","+348.28"
07/11/2017,"-50.00","OZTELL SYDNEY  AU Card xx7792 Value Date: 02/11/2017","+388.28"
07/11/2017,"-12.15","POST   THOMASTOWN PO THOMASTOWN  AU Card xx7792 Value Date: 03/11/2017","+438.28"
07/11/2017,"-23.70","COLES 0585 BUNDOORA  AU Card xx7792 Value Date: 04/11/2017","+450.43"
07/11/2017,"-30.27","OFFICEWORKS 0307 PRESTON  AU Card xx7792 Value Date: 04/11/2017","+474.13"
07/11/2017,"-3.93","International Transaction Fee Value Date: 04/11/2017","+504.40"
07/11/2017,"-130.88","SEMRUSH.COM HTTPSWWW.SEMR PA US Card xx7792 USD 99.95 Value Date: 04/11/2017","+508.33"
06/11/2017,"+180.00","POS  43424400 06 NOV","+639.21"
06/11/2017,"-17.00","Direct Debit 279234 PAYPAL AUSTRALIA 1001959685533","+459.21"
04/11/2017,"+40.00","POS  43424400 04 NOV","+476.21"
03/11/2017,"+170.00","POS  43424400 03 NOV","+436.21"
02/11/2017,"+259.00","POS  43424400 02 NOV","+266.21"
02/11/2017,"-90.00","CBA MERCHANT FEE 5353109391629396 Value Date: 31/10/2017","+7.21"
02/11/2017,"-20.00","Transfer to other Bank NetBank Watchforce","+97.21"
01/11/2017,"+90.00","POS  43424400 01 NOV","+117.21"
01/11/2017,"-14.99","Direct Debit 279234 PAYPAL AUSTRALIA 1001947199676","+27.21"
01/11/2017,"-0.05","Debit Excess Interest","+42.20"
31/10/2017,"+150.00","POS  43424400 31 OCT","+42.25"
31/10/2017,"-10.00","Overdrawing Approval Fee For overdrawing that occurred 30/10/17","-107.75"
30/10/2017,"-138.68","Direct Debit 466856 GIO COMMERCIAL I GPM004106253","-97.75"
28/10/2017,"-623.64","VOLKSWAGEN FINANCIAL NetBank BPAY 44255 2733376","+40.93"
28/10/2017,"+100.00","CASH DEPOSIT CBA ATM  EPPING D       VIC 359904   AUS","+664.57"
28/10/2017,"-15.55","MCDONALDS EPPING EPPING  AU Card xx7792 Value Date: 24/10/2017","+564.57"
